<record><leader>00000cas a22000007a 4500</leader><controlfield tag="001">14146046</controlfield><controlfield tag="008">860826d18571859txuwr ne      0    0eng d</controlfield><datafield ind1=" " ind2=" " tag="010"><subfield code="a">sn 86088694 </subfield></datafield><datafield ind1=" " ind2=" " tag="040"><subfield code="a">PPM</subfield><subfield code="b">eng</subfield><subfield code="c">PPM</subfield><subfield code="d">MGN</subfield><subfield code="d">OCL</subfield><subfield code="d">OCLCQ</subfield></datafield><datafield ind1=" " ind2=" " tag="042"><subfield code="a">msc</subfield></datafield><datafield ind1="0" ind2="0" tag="245"><subfield code="a">Weekly commercial telegraph and business register.</subfield></datafield><datafield ind1="3" ind2="0" tag="246"><subfield code="a">Commercial telegraph and business register</subfield></datafield><datafield ind1=" " ind2=" " tag="260"><subfield code="a">Houston, Tex. :</subfield><subfield code="b">E.H. Cushing</subfield></datafield><datafield ind1=" " ind2=" " tag="300"><subfield code="a">v. ;</subfield><subfield code="c">46 cm.</subfield></datafield><datafield ind1=" " ind2=" " tag="310"><subfield code="a">Weekly</subfield></datafield><datafield ind1="1" ind2=" " tag="362"><subfield code="a">Began in Apr. 1857; ceased in 1859?</subfield></datafield><datafield ind1=" " ind2=" " tag="588"><subfield code="a">Description based on: Vol. 1, no. 18 (May 7, 1857).</subfield></datafield><datafield ind1=" " ind2=" " tag="752"><subfield code="a">United States</subfield><subfield code="b">Texas</subfield><subfield code="c">Harris</subfield><subfield code="d">Houston.</subfield></datafield><datafield ind1="0" ind2=" " tag="775"><subfield code="t">Weekly telegraph (Houston, Tex.)</subfield><subfield code="w">(DLC)sn 85033848</subfield><subfield code="w">(OCoLC)12290688</subfield></datafield><datafield ind1="0" ind2=" " tag="775"><subfield code="t">Tri-weekly telegraph (Houston, Tex. : 1855)</subfield><subfield code="w">(DLC)sn 83045428</subfield><subfield code="w">(OCoLC)9458873</subfield></datafield><datafield ind1="0" ind2="0" tag="780"><subfield code="t">Houston price current and business register</subfield><subfield code="w">(DLC)sn 86088695</subfield><subfield code="w">(OCoLC)14145939</subfield></datafield><datafield ind1="1" ind2=" " tag="029"><subfield code="a">AU@</subfield><subfield code="b">000020436752</subfield></datafield></record>